@article{importance_of_preprocessing,
	Title = {Preprocessing the Informal Text for efficient Sentiment Analysis},
	Url = {http://www.ijettcs.org/Volume1Issue2/IJETTCS-2012-08-14-047.pdf}}

@article{mining_twitter_data,
	Title = {Mining twitter data},
	Url = {https://marcobonzanini.com/2015/03/09/mining-twitter-data-with-python-part-2/}}

@article{stopwords,
    Title = {Stopwords},
    Url = {https://en.wikipedia.org/wiki/Stop_words}}

@article{CNN_for_nlp,
    Title = {CNN para procesamiento del lenguaje natural},
    Url = {http://www.wildml.com/2015/11/understanding-convolutional-neural-networks-for-nlp/}}

@article{doc2vec,
    Title = {Doc2Vec},
    Url = {http://linanqiu.github.io/2015/10/07/word2vec-sentiment/}}

@article{LSTM_sentiment_analysis,
    Title = {LSTM networks for sentiment analysis},
    Url = {http://deeplearning.net/tutorial/lstm.html}}

@article{word_stemming,
    Title = {Slightly more than basic sentiment analysis},
    Url = {https://www.r-bloggers.com/slightly-more-than-basic-sentiment-analysis/}}
